@article{brown2019superhuman,
  title={Superhuman AI for multiplayer poker},
  author={Brown, Noam and Sandholm, Tuomas},
  journal={Science},
  volume={365},
  number={6456},
  pages={885--890},
  year={2019},
  publisher={American Association for the Advancement of Science}
}

@inproceedings{moravvcik2017deepstack,
  title={DeepStack: Expert-level artificial intelligence in heads-up no-limit poker},
  author={Morav{\v{c}}{\'\i}k, Matej and Schmid, Martin and Burch, Neil and Lis{\`y}, Viliam and Morrill, Dustin and Bard, Nolan and Davis, Trevor and Waugh, Kevin and Johanson, Michael and Bowling, Michael},
  booktitle={Science},
  volume={356},
  number={6337},
  pages={508--513},
  year={2017}
}

@inproceedings{zinkevich2007regret,
  title={Regret minimization in games with incomplete information},
  author={Zinkevich, Martin and Johanson, Michael and Bowling, Michael and Piccione, Carmelo},
  booktitle={Advances in neural information processing systems},
  pages={1729--1736},
  year={2007}
}

@inproceedings{brown2017libratus,
  title={Libratus: The superhuman AI for no-limit poker},
  author={Brown, Noam and Sandholm, Tuomas},
  booktitle={Proceedings of the 26th International Joint Conference on Artificial Intelligence},
  pages={5226--5228},
  year={2017}
}

@article{silver2016mastering,
  title={Mastering the game of Go with deep neural networks and tree search},
  author={Silver, David and Huang, Aja and Maddison, Chris J and Guez, Arthur and Sifre, Laurent and Van Den Driessche, George and Schrittwieser, Julian and Antonoglou, Ioannis and Panneershelvam, Veda and Lanctot, Marc and others},
  journal={nature},
  volume={529},
  number={7587},
  pages={484--489},
  year={2016},
  publisher={Nature Publishing Group}
}

@article{silver2017mastering,
  title={Mastering chess and shogi by self-play with a general reinforcement learning algorithm},
  author={Silver, David and Hubert, Thomas and Schrittwieser, Julian and Antonoglou, Ioannis and Lai, Matthew and Guez, Arthur and Lanctot, Marc and Sifre, Laurent and Kumaran, Dharshan and Graepel, Thore and others},
  journal={arXiv preprint arXiv:1712.01815},
  year={2017}
}

@inproceedings{heinrich2015fictitious,
  title={Fictitious self-play in extensive-form games},
  author={Heinrich, Johannes and Lanctot, Marc and Silver, David},
  booktitle={International conference on machine learning},
  pages={805--813},
  year={2015}
}

@inproceedings{brown2019deep,
  title={Deep counterfactual regret minimization},
  author={Brown, Noam and Lerer, Adam and Gross, Sam and Sandholm, Tuomas},
  booktitle={International conference on machine learning},
  pages={793--802},
  year={2019}
}

@article{roijers2013survey,
  title={A survey of multi-objective sequential decision-making},
  author={Roijers, Diederik M and Vamplew, Peter and Whiteson, Shimon and Dazeley, Richard},
  journal={Journal of Artificial Intelligence Research},
  volume={48},
  pages={67--113},
  year={2013}
}@article{he2016deep,
  title={Deep residual learning for image recognition},
  author={He, Kaiming and Zhang, Xiangyu and Ren, Shaoqing and Sun, Jian},
  journal={Proceedings of the IEEE conference on computer vision and pattern recognition},
  pages={770--778},
  year={2016}
}

@inproceedings{vaswani2017attention,
  title={Attention is all you need},
  author={Vaswani, Ashish and Shazeer, Noam and Parmar, Niki and Uszkoreit, Jakob and Jones, Llion and Gomez, Aidan N and Kaiser, {\L}ukasz and Polosukhin, Illia},
  booktitle={Advances in neural information processing systems},
  pages={5998--6008},
  year={2017}
}

@inproceedings{krizhevsky2012imagenet,
  title={Imagenet classification with deep convolutional neural networks},
  author={Krizhevsky, Alex and Sutskever, Ilya and Hinton, Geoffrey E},
  booktitle={Advances in neural information processing systems},
  pages={1097--1105},
  year={2012}
}

@inproceedings{lanctot2009monte,
  title={Monte Carlo sampling and regret minimization for equilibrium computation in extensive games},
  author={Lanctot, Marc and Waugh, Kevin and Zinkevich, Martin and Bowling, Michael},
  booktitle={International Conference on Artificial Intelligence and Statistics},
  pages={352--359},
  year={2009}
}

@inproceedings{gibson2012efficient,
  title={Efficient Monte Carlo counterfactual regret minimization},
  author={Gibson, Ryan and Lanctot, Marc and Burch, Neil and Szafron, Duane and Bowling, Michael},
  booktitle={International Conference on Autonomous Agents and Multiagent Systems},
  pages={83--90},
  year={2012}
}

@inproceedings{lanctot2013efficient,
  title={Efficient Monte Carlo counterfactual regret minimization},
  author={Lanctot, Marc and Gibson, Ryan and Burch, Neil and Szafron, Duane and Bowling, Michael},
  booktitle={International Conference on Artificial Intelligence and Statistics},
  pages={268--276},
  year={2013}
}

@article{crowell2019cluster,
  title={Cluster sampling: When (and why) to use it},
  author={Crowell, Zachary and Moshfeghi, Yashar and Lanctot, Marc and Bowling, Michael},
  journal={arXiv preprint arXiv:1912.01457},
  year={2019}
}

@inproceedings{muller2019shared,
  title={Neural replicator dynamics},
  author={M{\"u}ller, Paul and M{\"u}ller, Marc and Heinrich, Johannes},
  booktitle={International Conference on Machine Learning},
  pages={4536--4545},
  year={2019},
  organization={PMLR}
}

@inproceedings{heinrich2016deep,
  title={Deep learning for multi-player poker},
  author={Heinrich, Johannes and Silver, David},
  booktitle={Proceedings of the AAAI Conference on Artificial Intelligence},
  volume={30},
  number={1},
  year={2016}
}

@inproceedings{mcaleer2022anytime,
  title={Anytime PSRO for two-player zero-sum games},
  author={McAleer, Stephen and Lanctot, Marc and Sandholm, Tuomas},
  booktitle={International Conference on Machine Learning},
  pages={15636--15650},
  year={2022},
  organization={PMLR}
}

@inproceedings{steinberger2019single,
  title={Single deep counterfactual regret minimization},
  author={Steinberger, Eric and Bowling, Michael},
  booktitle={International Conference on Machine Learning},
  pages={6143--6152},
  year={2019},
  organization={PMLR}
}
